@article{Chassignet2007,
  title={The {HYCOM} (hybrid coordinate ocean model) data assimilative system},
  author={Chassignet, Eric P and Hurlburt, Harley E and Smedstad, Ole Martin and Halliwell, George R and Hogan, Patrick J and Wallcraft, Alan J and Baraille, Remy and Bleck, Rainer},
  journal={Journal of Marine Systems},
  volume={65},
  number={1-4},
  pages={60--83},
  year={2007},
  publisher={Elsevier}
}
@article{Geuzaine2009,
  title={Gmsh: A 3-D finite element mesh generator with built-in pre-and post-processing facilities},
  author={Geuzaine, Christophe and Remacle, Jean-Fran{\c{c}}ois},
  journal={International journal for numerical methods in engineering},
  volume={79},
  number={11},
  pages={1309--1331},
  year={2009},
  publisher={Wiley Online Library}
}
@article{fwc2017unified,
  title={Unified Reef Map v2. 0},
  author={FWC, FWRI},
  year={2017},
  publisher={FWC-FWRI (Florida Fish and Wildlife Conservation Commission-Fish and~â€¦}
}

@article{muller2020spatial,
  title={Spatial Epidemiology of the {S}tony-{C}oral-{T}issue-{L}oss {D}isease in {F}lorida},
  author={Muller, Erinn M and Sartor, Constance and Alcaraz, Nicholas I and van Woesik, Robert},
  journal={Frontiers in Marine Science},
  volume={7},
  pages={163},
  year={2020},
  publisher={Frontiers}
}

@article{viehman2018,
  author={Viehman, S and Gittings, S and Groves, S, and Moore, J and Moore, T and Stein, J},
  year={2018},
  title={{NCCOS Assessment: Coral Disturbance Response Monitoring (DRM) Along the {F}lorida {R}eef {T}ract Following Hurricane {I}rma From 2017-10-09 to 2017- 10-18 (NCEI Accession 0179071)}},
  journal={NOAA National Centers for Environmental Information},
  note={. Silver Spring, MD: National Centers for Coastal Ocean Science. Available online at: \url{https://doi.org/10.25921/sscd-6h41}}
}

@article{neely2018surveying,
  title={Surveying the {F}lorida {K}eys southern coral disease boundary},
  author={Neely, K},
  journal={Florida DEP. Miami, FL},
  pages={1--15},
  year={2018}
}

@article{frys20,
  title={Fine-scale coral connectivity pathways in the {F}lorida {R}eef {T}ract: Implications for conservation and restoration},
  author={Frys, F and Saint-Amand, A and Le H\'enaff, M and Figueiredo, J and Kuba, AG and Walker, BK and Lambrechts, J and Vallaeys, V and Vincent, V and Hanert, E},
  journal={Frontiers in Marine Science},
  volume={in press},
  pages={},
  year={2020},
  doi={10.3389/fmars.2020.00312}
}

@article{ardhuin2009observation,
  title={Observation and estimation of {L}agrangian, {S}tokes, and {E}ulerian currents induced by wind and waves at the sea surface},
  author={Ardhuin, Fabrice and Mari{\'e}, Louis and Rascle, Nicolas and Forget, Philippe and Roland, Aron},
  journal={Journal of Physical Oceanography},
  volume={39},
  number={11},
  pages={2820--2838},
  year={2009}
}

@book{Murray07,
  title={Mathematical biology: I. An introduction},
  author={Murray, James D},
  volume={17},
  year={2007},
  publisher={Springer Science \& Business Media}
}

@incollection{brauer2008compartmental,
  title={Compartmental models in epidemiology},
  author={Brauer, Fred},
  booktitle={Mathematical epidemiology},
  pages={19--79},
  year={2008},
  publisher={Springer}
}

@article{rosales2020rhodobacterales,
  title={Rhodobacterales and {R}hizobiales Are Associated With Stony Coral Tissue Loss Disease and Its Suspected Sources of Transmission},
  author={Rosales, Stephanie M and Clark, Abigail S and Huebner, Lindsay K and Ruzicka, Rob R and Muller, Erinn},
  journal={Frontiers in Microbiology},
  volume={11},
  pages={681},
  year={2020},
  publisher={Frontiers}
}

@article{shore2019modes,
  title={Modes of coral disease transmission: {H}ow do diseases spread between individuals and among populations?},
  author={Shore, Amanda and Caldwell, Jamie M},
  journal={Marine biology},
  volume={166},
  number={4},
  pages={45},
  year={2019},
  publisher={Springer}
}

@article{keeling2007stochastic,
  title={Stochastic dynamics},
  author={Keeling, MJ and Rohani, P},
  journal={Modeling Infectious Diseases in Humans and Animals},
  pages={190--230},
  year={2007},
  publisher={Princeton University Press Princeton, NJ}
}
@book{wolanski1994physical,
  title={Physical oceanographic processes of the {G}reat {B}arrier {R}eef},
  author={Wolanski, Eric},
  year={1994},
  publisher={CRC Press}
}

@article{burgess2007influence,
  title={Influence of tidal eddies and wind on the distribution of presettlement fishes around {O}ne {T}ree {I}sland, {G}reat {B}arrier {R}eef},
  author={Burgess, Scott C and Kingsford, Michael J and Black, Kerry P},
  journal={Marine Ecology Progress Series},
  volume={341},
  pages={233--242},
  year={2007}
}

@article{figueiredo2013synthesizing,
  title={Synthesizing larval competence dynamics and reef-scale retention reveals a high potential for self-recruitment in corals},
  author={Figueiredo, Joana and Baird, Andrew H and Connolly, Sean R},
  journal={Ecology},
  volume={94},
  number={3},
  pages={650--659},
  year={2013},
  publisher={Wiley Online Library}
}

@article{lambrechts2008multi,
  title={A multi-scale model of the hydrodynamics of the whole {G}reat {B}arrier {R}eef},
  author={Lambrechts, Jonathan and Hanert, Emmanuel and Deleersnijder, Eric and Bernard, Paul-Emile and Legat, Vincent and Remacle, Jean-Fran{\c{c}}ois and Wolanski, Eric},
  journal={Estuarine, Coastal and Shelf Science},
  volume={79},
  number={1},
  pages={143--151},
  year={2008},
  publisher={Elsevier}
}

@article{thomas2014numerical,
  title={Numerical modelling and graph theory tools to study ecological connectivity in the {G}reat {B}arrier {R}eef},
  author={Thomas, Christopher J and Lambrechts, Jonathan and Wolanski, Eric and Traag, Vincent A and Blondel, Vincent D and Deleersnijder, Eric and Hanert, Emmanuel},
  journal={Ecological Modelling},
  volume={272},
  pages={160--174},
  year={2014},
  publisher={Elsevier}
}

@article{thomas2015connectivity,
  title={Connectivity between submerged and near-sea-surface coral reefs: {C}an submerged reef populations act as refuges?},
  author={Thomas, Christopher J and Bridge, Tom CL and Figueiredo, Joana and Deleersnijder, Eric and Hanert, Emmanuel},
  journal={Diversity and Distributions},
  volume={21},
  number={10},
  pages={1254--1266},
  year={2015},
  publisher={Wiley Online Library}
}

@article{kourafalou2012florida,
  title={Florida Current meandering and evolution of cyclonic eddies along the {F}lorida {K}eys {R}eef {T}ract: {A}re they interconnected?},
  author={Kourafalou, Vassiliki H and Kang, HeeSook},
  journal={Journal of Geophysical Research: Oceans},
  volume={117},
  number={C5},
  year={2012},
  publisher={Wiley Online Library}
}

@article{sponaugle2012observed,
  title={Observed and modeled larval settlement of a reef fish to the {F}lorida {K}eys},
  author={Sponaugle, S and Paris, C and Walter, KD and Kourafalou, V and Alessandro, ED},
  journal={Marine Ecology Progress Series},
  volume={453},
  pages={201--212},
  year={2012}
}

@article{vaz2016perfect,
  title={The perfect storm: match-mismatch of bio-physical events drives larval reef fish connectivity between {P}ulley {R}idge mesophotic reef and the {F}lorida {K}eys},
  author={Vaz, Ana C and Paris, Claire B and Olascoaga, M Josefina and Kourafalou, Villy H and Kang, Heesook and Reed, John K},
  journal={Continental Shelf Research},
  volume={125},
  pages={136--146},
  year={2016},
  publisher={Elsevier}
}


@article{harvell2007coral,
  title={Coral disease, environmental drivers, and the balance between coral and microbial associates},
  author={Harvell, Drew and Jord{\'a}n-Dahlgren, Eric and Merkel, Susan and Rosenberg, Eugene and Raymundo, Laurie and Smith, Garriet and Weil, Ernesto and Willis, Bette},
  journal={Oceanography},
  volume={20},
  pages={172--195},
  year={2007},
  publisher={Oceanography Society}
}

@article{sokolow2009effects,
  title={Effects of a changing climate on the dynamics of coral infectious disease: a review of the evidence},
  author={Sokolow, Susanne},
  journal={Diseases of Aquatic Organisms},
  volume={87},
  number={1-2},
  pages={5--18},
  year={2009}
}

@article{bidegain2016microparasitic,
  title={Microparasitic disease dynamics in benthic suspension feeders: infective dose, non-focal hosts, and particle diffusion},
  author={Bidegain, G and Powell, EN and Klinck, JM and Ben-Horin, T and Hofmann, EE},
  journal={Ecological modelling},
  volume={328},
  pages={44--61},
  year={2016},
  publisher={Elsevier}
}

@article{bidegain2016marine,
  title={Marine infectious disease dynamics and outbreak thresholds: contact transmission, pandemic infection, and the potential role of filter feeders},
  author={Bidegain, Gorka and Powell, Eric N and Klinck, John M and Ben-Horin, Tal and Hofmann, Eileen E},
  journal={Ecosphere},
  volume={7},
  number={4},
  pages={e01286},
  year={2016},
  publisher={Wiley Online Library}
}